@Manual{FAwR,
    title = {FAwR: Functions and Datasets for "Forest Analytics with R"},
    author = {Andrew Robinson and Jeff Hamann},
    year = {2020},
    note = {R package version 1.1.2},
    url = {https://CRAN.R-project.org/package=FAwR},
    doi = {10.32614/CRAN.package.FAwR},
  }