@article{BlandAltman1994,
   abstract = {In clinical research we are often able to take several measurements on the same patient. The correct analysis of such data is more complex than if each patient were measured once. This is because the variability of measurements made on different subjects is usually much greater than the variability between measurements on the same subject, and we must take both kinds of variability into account. For example, we may want to investigate the relation between two variables and take several pairs of readings from each of a group of subjects. Such data violate the assumption of independence inherent in many analyses, such as t â€¦},
   author = {J M Bland and D G Altman},
   doi = {10.1136/bmj.308.6933.896},
   issue = {6933},
   journal = {BMJ},
   month = {4},
   pages = {896},
   title = {Statistics Notes: Correlation, regression, and repeated data},
   volume = {308},
   url = {http://www.bmj.com/content/308/6933/896.abstract},
   year = {1994}
}
