  @Manual{Hemken2023,
    title = {Statamarkdown: 'Stata' Markdown},
    author = {Doug Hemken},
    year = {2023},
    note = {R package version 0.9.2},
    url = {https://CRAN.R-project.org/package=Statamarkdown},
  }